@Article{Shannon1949,
  author  = {Shannon, C. E.},
  journal = {Proceedings of the IRE},
  title   = {{Communication in the Presence of Noise}},
  year    = {1949},
  number  = {1},
  pages   = {10-21},
  volume  = {37},
  doi     = {10.1109/JRPROC.1949.232969},
}

@Unpublished{Montesano2019,
  author   = {Daniel Montesano},
  note     = {{Microondas y Radar}},
  title    = {{Development of low-cost frequency-modulated continuous-wave radars at S and W band}},
  month    = jan,
  year     = {2019},
  abstract = {Continuous-wave radars are capable of measuring distance and radial velocity. For measuring distance, frequency modulation is required. The most common type of modulation is a linear variation of frequency over time. Continuous-wave linear frequency modulated (CW-LFM) radars are used in multiple applications such as proximity sensors, non-intrusive inspection or imaging systems. 

This project has two different objectives:

- Development of a low-cost CW-LFM radar for radar imaging. Radio frequency elements in a radar imaging system tend to be one of the most expensive parts of the whole system. The project looks for a low-cost alternative of conventional systems. 
- Development of a low-cost CW-LFM radar for educational use. An adaptable CW-LFM radar  is desired while allowing flexible configuration and full characterization of each parameter of the radar. Also, there is the need to obtain the raw samples of the radar, for further processing in a personal computer. 

This document shows the development of two CW-LFM radars, one at W band and the other at S band. Both bands allocate at least one ISM reserved band, allowing the operation of said radars without license. The advantage of the W band is the availability of huge bandwidths. It is easier to obtain larger bandwidths when operating at higher frequencies. Given the fact that the resolution of a CW-LFM radar is defined by the absolute bandwidth, the use of mm-bands is a good option when looking for large bandwidths. Also, using high frequencies helps to improve the cross-range resolution on a imaging system. The main benefits of the S band are the reduced costs due to wide selection components and low manufacturing costs. 

The W band radar is based on a commercial MMIC (Monolithic Microwave Integrated Circuit), which provides all the high-frequency elements: oscillator, mixer and amplifiers among others. This project creates the needed baseband platform for said MMIC, providing the ability for frequency modulation and  adapting the signal for the correct acquisition. It is focused on radar imaging. 

The S band radar originates as an educational project: a very low-cost radar capable of measuring distance and speed. The whole system is designed with commercial integrated circuits. The wide selection of components in the band due to WIFI band overlap, reduces the cost of the system. Also the selected frequency band allows to manufacture the boards without much complexity. In the basic design of this system, every functional block of the radar is isolated and connectorized. With this structure, full characterization of the radar can be achieved, allowing the users to compensate any malfunction of the system. The whole system is configured by a microcontroller, which also samples the signal that will be transmitted to a personal computer via USB.  

Also, the applications of each radar are studied. Specifically, the W band radar has been integrated in an already-existing passive imaging system.},
  keywords = {Radar, RF, Radiofrequency, Electronics, Radio, S band, W band, mm-wave, Millimeter-wave, CW-LFM, FMCW, CW radar, FM radar, Doppler radar, Engineering education, Imaging, Imager, Silicon Radar, MMIC, , Low-cost, Low-cost radar, Object detection, Radar detection, Radar harwdare, RF circuit design level, Frequency 2.4 GHz, Frequency 122 GHz, printed circuit board, PCB.},
  school   = {Telecomunicacion},
  url      = {https://oa.upm.es/53835/},
}

@Manual{ADLINKTechnologies2010,
  title  = {{PCI/PXI-9816/26/46 User’s Manual}},
  author = {{ADLINK Technologies}},
  month  = oct,
  note   = {Rev. 2.02},
  year   = {2010},
  number = {Datasheet 50-17031-1020},
}

@Unpublished{Moreno2020,
  author = {Alfonso Moreno},
  note   = {{Microondas y Radar}},
  title  = {Caracterización de señales cardiopulmonares con radares de onda continua y frecuencia modulada},
  month  = jul,
  year   = {2020},
}

@Unpublished{Garcia2019,
  author   = {García, Federico Antonio},
  title    = {Technological contributions to imaging radars in the millimeter-wave band},
  year     = {2019},
  abstract = {Investigaciones recientes en la banda de frecuencias de ondas milim{\'e}tricas y submilim{\'e}tricas han impulsado la madurez de sus tecnolog{\'i}as hasta un nivel donde componentes de radiofrecuencia comerciales e integrados ya est{\'a}n disponibles. Debido a este desarrollo las aplicaciones fundamentales de estas bandas de frecuencia (como la espectroscopia, la radioastronom{\'i}a, y las comunicaciones inal{\'a}mbricas) se han beneficiado de un rendimiento en incremento, por una fracci{\'o}n del coste habitual. Este es tambi{\'e}n el caso de las aplicaciones de imagen, como la detecci{\'o}n de amenazas ocultas, que est{\'a} progresivamente convirti{\'e}ndose en una alternativa viable a las inspecciones de seguridad tradicionales. Sin embargo, a{\'u}n es necesario cierto progreso tecnol{\'o}gico para que las aplicaciones de seguridad basadas en im{\'a}genes en este rango de frecuencias alcancen su potencial completo, especialmente en {\'a}reas tan cr{\'i}ticas y diversas como el coste de componentes, el consumo, la velocidad de refresco de im{\'a}genes, o las preocupaciones por privacidad. La meta principal de esta t{\'e}sis doctoral se puede encontrar dentro de este marco, y es desarrollar las mejoras y soluciones tecnol{\'o}gicas necesarias para elevar el rendimiento de los radares de imagen para seguridad en las bandas de milim{\'e}tricas y submilim{\'e}tricas. Este objetivo se ha cumplido para dos sistemas radar en particular: un sistema activo a 300 GHz (desarrollado previamente a esta tesis), y un sistema h{\'i}brido usando sensores activos y pasivos a 122 GHz y 94 GHz, respectivamente. Durante el desarrollo, se ha puesto un {\'e}nfasis especial en alcanzar los resultados deseados mediante el uso de componentes comercialmente disponibles, en un esfuerzo por verdaderamente proporcionar una alternativa viable. Aunque ambos sistemas est{\'a}n pensados para las inspecciones de seguridad, sus arquitecturas de radiofrecuencia y procesado presentan varias diferencias seg{\'u}n sus requisitos operacionales. Adem{\'a}s de en su funci{\'o}n de seguridad, ambos sistemas se han probado en otras aplicaciones, como la detecci{\'o}n remota de se{\~n}ales vitales. Esta t{\'e}sis se ha llevado a cabo completamente en el Grupo de Microondas y Radar de la Universidad Polit{\'e}cnica de Madrid, y se divide en dos partes principales. La primera mitad trata sobre las mejoras realizadas al sistema de imagen a 300 GHz, incluyendo una arquitectura de procesado de se{\~n}al e imagen en tiempo real y las pruebas iniciales de una configuraci{\'o}n multiest{\'a}tica. La segunda mitad se centra en el desarrollo del sistema de imagen h{\'i}brido a 122 GHz y 94 GHz, detallando las caracterizaciones individuales de los sensores, su rendimiento simult{\'a}neo, y una t{\'e}cnica de fusi{\'o}n de im{\'a}genes para presentar los datos capturados. En cada secci{\'o}n, se estudian y detallan acciones de mejora pendientes para futuro trabajo e investigaci{\'o}n. ----------ABSTRACT---------- Recent research in the millimeter- and submillimeter-wave frequency bands has driven the maturity of its technologies to a level where integrated and commercial radiofrequency components are now readily available. Due to this development the fundamental applications of these frequency bands (like spectroscopy, radioastronomy, and wireless commnunication) have benefited from increasing performance, at a fraction of the cost. This is also the case for imaging applications, such as concealed weapon detection, which is progressively becoming a viable alternative to traditional security screenings. Nonetheless, some technological progress is still needed for security imaging in this frequency range to fully reach its potential, specially regarding critical and diverse areas such as component cost, power consumption, imaging speed, or privacy concerns. The main goal of this Ph.D. thesis can be found within this framework, and it is to develop those technological improvements and solutions necessary to enhance the performance of security imaging radars in the millimeter- and submillimeter-wave bands. This objective has been accomplished in two particular radar systems: an active imager at 300 GHz (developed previously to the start of this thesis), and a hybrid system using active and passive sensors at 122 GHz and 94 GHz, respectively. Throughout the development, a special emphasis is placed on achieving the desired results with the use of commercially-available components, in an effort to truly provide a viable alternative. Although both systems are meant for security screening purposes, their radiofrequency and processing architectures present various differences according to their operational requirements. In addition to their security-related function, both systems have also been employed in other applications, such as vital sign monitoring. The thesis has been entirely carried out at the Grupo de Microondas y Radar of the Universidad Polit{\'e}cnica de Madrid, and is divided into two main parts. The first half deals with the improvements made to the 300 GHz imaging system, including a real-time signal and image processing architecture and the initial tests of a multistatic configuration. The second half is focused on the development of the hybrid imager at 122 GHz and 94 GHz, detailing individual sensor characterizations, simultaneous performance, and an image fusion technique to present the captured data. In each section, pending improvement actions are also studied and described for future research and work.},
  keywords = {Detecci{\'o}n de amenazas ocultas; radar de imagen; ondas milim{\'e}tricas; ondas submilim{\'e}tricas; Terahercios = Concealed weapon detection; imaging radar; millimeter-wave; submillimeter-wave; terahertz},
  school   = {Telecomunicacion},
  url      = {https://oa.upm.es/57233/},
}

@Unpublished{Sardinero2022,
  author = {Ignacio Sardinero},
  note   = {Microondas y Radar},
  title  = {{Development of continuous-wave frequency-modulated radars at W band for telemedicine applications}},
  month  = jan,
  year   = {2022},
}

@Book{BoricLubecke2016,
  editor    = {Olga Boric-Lubecke and Victor M. Lubecke and Amy D. Droitcour and Byung-Kwon Park and Aditya Singh},
  publisher = {John Wiley {\&} Sons, Inc},
  title     = {Doppler Radar Physiological Sensing},
  year      = {2016},
  month     = feb,
  doi       = {10.1002/9781119078418},
}

@Article{Antolinos2020,
  author    = {El{\'{\i}}as Antolinos and Federico Garc{\'{\i}}a-Rial and Clara Hern{\'{a}}ndez and Daniel Montesano and Juan I. Godino-Llorente and Jes{\'{u}}s Grajal},
  journal   = {Remote Sensing},
  title     = {Cardiopulmonary Activity Monitoring Using Millimeter Wave Radars},
  year      = {2020},
  month     = jul,
  number    = {14},
  pages     = {2265},
  volume    = {12},
  doi       = {10.3390/rs12142265},
  publisher = {{MDPI} {AG}},
}

@Article{Saner2020,
  author    = {Hugo Saner and Samuel Elia Johannes Knobel and Narayan Schuetz and Tobias Nef},
  journal   = {European Heart Journal - Digital Health},
  title     = {Contact-free sensor signals as a new digital biomarker for cardiovascular disease: chances and challenges},
  year      = {2020},
  month     = nov,
  number    = {1},
  pages     = {30--39},
  volume    = {1},
  doi       = {10.1093/ehjdh/ztaa006},
  publisher = {Oxford University Press ({OUP})},
}

@Article{Zhang2012,
  author    = {Jun Zhang},
  journal   = {Gait \& Posture},
  title     = {Basic gait analysis based on continuous wave radar},
  year      = {2012},
  month     = sep,
  number    = {4},
  pages     = {667--671},
  volume    = {36},
  doi       = {10.1016/j.gaitpost.2012.04.020},
  publisher = {Elsevier {BV}},
}

@Manual{STMicroelectronics2022,
  title  = {{Multiprotocol wireless 32-bit MCU Arm®-based Cortex®-M4 with FPU, Bluetooth® 5.2 radio solution}},
  author = {{ST Microelectronics}},
  month  = mar,
  note   = {Rev. 5},
  year   = {2022},
  number = {Datasheet DS13258},
}

@Manual{STMicroelectronics2022b,
  title  = {{Building wireless applications with STM32WB Series microcontrollers}},
  author = {{ST Microelectronics}},
  month  = nov,
  note   = {Rev. 8},
  year   = {2022},
  number = {Application Note AN5289},
}

@Manual{TexasInstruments2022,
  title  = {{Buffer Op Amp to ADC Circuit Collection}},
  author = {{Texas Instruments}},
  month  = mar,
  year   = {2022},
  number = {Application Report SLOA098},
}

@Book{Franco2014,
  author    = {Franco, S.},
  publisher = {McGraw-Hill Education},
  title     = {Design With Operational Amplifiers And Analog Integrated Circuits},
  year      = {2014},
  isbn      = {9780078028168},
  lccn      = {2013036158},
  pages     = {613--616,635--637},
}

@Article{Gomez2012,
  author    = {Carles Gomez and Joaquim Oller and Josep Paradells},
  journal   = {Sensors},
  title     = {Overview and Evaluation of Bluetooth Low Energy: An Emerging Low-Power Wireless Technology},
  year      = {2012},
  month     = aug,
  number    = {9},
  pages     = {11734--11753},
  volume    = {12},
  doi       = {10.3390/s120911734},
  publisher = {{MDPI} {AG}},
}

@Manual{NordicSemiconductor2019,
  title    = {{S140 SoftDevice BLE Specification}},
  author   = {{Nordic Semiconductor}},
  month    = sep,
  year     = {2019},
  keywords = {SoftDevice, SoftDevice Specification},
  pages    = {93},
  url      = {https://infocenter.nordicsemi.com/pdf/S140_SDS_v2.1.pdf},
}

@Standard{Bluetooth52,
  institution = {{Bluetooth Special Interest Group}},
  title       = {{Bluetooth Core Specification}},
  author      = {{Bluetooth SIG}},
  month       = dec,
  revision    = {v5.2},
  url         = {https://bluetooth.com/specifications/specs/core-specification-5-2/},
  year        = {2019},
}

@Article{Wang2014,
  author    = {Guochao Wang and Jose-Maria Munoz-Ferreras and Changzhan Gu and Changzhi Li and Roberto Gomez-Garcia},
  journal   = {{IEEE} Transactions on Microwave Theory and Techniques},
  title     = {{Application of Linear-Frequency-Modulated Continuous-Wave ({LFMCW}) Radars for Tracking of Vital Signs}},
  year      = {2014},
  month     = jun,
  number    = {6},
  pages     = {1387--1399},
  volume    = {62},
  doi       = {10.1109/tmtt.2014.2320464},
  publisher = {Institute of Electrical and Electronics Engineers ({IEEE})},
}

@Article{Kernec2019,
  author    = {Julien Le Kernec and Francesco Fioranelli and Chuanwei Ding and Heng Zhao and Li Sun and Hong Hong and Jordane Lorandel and Olivier Romain},
  journal   = {{IEEE} Signal Processing Magazine},
  title     = {{Radar Signal Processing for Sensing in Assisted Living: The Challenges Associated With Real-Time Implementation of Emerging Algorithms}},
  year      = {2019},
  month     = jul,
  number    = {4},
  pages     = {29--41},
  volume    = {36},
  doi       = {10.1109/msp.2019.2903715},
  publisher = {Institute of Electrical and Electronics Engineers ({IEEE})},
}

@Article{Gurbuz2019,
  author    = {Sevgi Zubeyde Gurbuz and Moeness G. Amin},
  journal   = {{IEEE} Signal Processing Magazine},
  title     = {{Radar-Based Human-Motion Recognition With Deep Learning: Promising Applications for Indoor Monitoring}},
  year      = {2019},
  month     = jul,
  number    = {4},
  pages     = {16--28},
  volume    = {36},
  doi       = {10.1109/msp.2018.2890128},
  publisher = {Institute of Electrical and Electronics Engineers ({IEEE})},
}

@Book{Richards2010,
  author    = {Mark A. Richards and James A. Scheer and Jim Scheer and William A. Holm},
  publisher = {Institution of Engineering and Technology},
  title     = {{Principles of Modern Radar: Basic Principles, Volume 1}},
  year      = {2010},
  isbn      = {9781891121524},
  series    = {Electromagnetics and Radar},
  lccn      = {2010013808},
}

@Book{Ziemer2009,
  author    = {Ziemer, Rodger E.},
  publisher = {Wiley},
  title     = {Principles of communications},
  year      = {2009},
  isbn      = {9780470252543},
  subtitle  = {systems, modulation, and noise},
}

@Unpublished{Oliva2014,
  author   = {Beatriz Menc{\'i}a Oliva},
  title    = {{Desarrollo y aplicaciones de radares de alta resoluci{\'o}n en bandas milim{\'e}tricas}},
  year     = {2014},
  abstract = {Las bandas de las denominadas ondas milim{\'e}tricas y submilim{\'e}tricas est{\'a}n situadas en la regi{\'o}n del espectro entre las microondas y el infrarrojo. La banda de milim{\'e}tricas se sit{\'u}a entre 30 y 300 GHz, considerada normalmente como la banda EHF (Extremely High Frequency). El margen de frecuencias entre 300 y 3000 GHz es conocido como la banda de ondas submilim{\'e}tricas o de terahercios (THz). Sin embargo, no toda la comunidad cient{\'i}fica est{\'a} de acuerdo acerca de las frecuencias que limitan la banda de THz. De hecho, 100 GHz y 10 THz son considerados com{\'u}nmente como los l{\'i}mites inferior y superior de dicha banda, respectivamente. Hasta hace relativamente pocos a{\~n}os, la banda de THz s{\'o}lo hab{\'i}a sido explotada para aplicaciones en los campos de la espectroscop{\'i}a y la radioastronom{\'i}a. Los avances tecnol{\'o}gicos en la electr{\'o}nica de microondas y la {\'o}ptica lastraron el desarrollo de la banda de THz. Sin embargo, investigaciones recientes han demostrado las ventajas asociadas a operar en estas longitudes de onda, lo que ha aumentado el inter{\'e}s y los esfuerzos dedicados a la tecnolog{\'i}a de THz. A pesar de que han surgido un gran n{\'u}mero de aplicaciones, una de las m{\'a}s prometedoras est{\'a} en el campo de la vigilancia y la seguridad. Esta tesis est{\'a} dedicada al desarrollo de radares de onda continua y frecuencia modulada (CW-LFM) de alta resoluci{\'o}n en la banda de milim{\'e}tricas, m{\'a}s concretamente, en las ventanas de atenuaci{\'o}n situadas en 100 y 300 GHz. Trabajar en estas bandas de frecuencia presenta beneficios tales como la capacidad de las ondas de atravesar ciertos materiales como la ropa o el papel, opacos en el rango visible, y la posibilidad de usar grandes anchos de banda, obteni{\'e}ndose as{\'i} elevadas resoluciones en distancia. Los anchos de banda de 9 y 27 GHz seleccionados para los sistemas de 100 y 300 GHz, respectivamente, proporcionan resoluciones en distancia alrededor y por debajo del cm. Por otro lado, las aplicaciones objetivo se centran en la adquisici{\'o}n de im{\'a}genes a corto alcance. En el caso del prototipo a 300 GHz, su dise{\~n}o se ha orientado a aplicaciones de detecci{\'o}n a distancia en escenarios de vigilancia y seguridad. La naturaleza no ionizante de esta radiaci{\'o}n supone una ventaja frente a las alternativas tradicionalmente usadas tales como los sistemas de rayos X. La presente tesis se centra en el proceso de dise{\~n}o, implementaci{\'o}n y caracterizaci{\'o}n de ambos sistemas as{\'i} como de la validaci{\'o}n de su funcionamiento. Se ha elegido una soluci{\'o}n basada en componentes electr{\'o}nicos, y no {\'o}pticos, debido a su alta fiabilidad, volumen reducido y amplia disponibilidad de componentes comerciales. Durante el proceso de dise{\~n}o e implementaci{\'o}n, se han tenido en cuenta varias directrices tales como la minimizaci{\'o}n del coste y la versatilidad de los sistemas desarrollados para hacer posible su aplicaci{\'o}n para m{\'u}ltiples prop{\'o}sitos. Ambos sistemas se han utilizado en diferentes pruebas experimentales, obteniendo resultados satisfactorios. Aunque son s{\'o}lo ejemplos dentro del amplio rango de posibles aplicaciones, la adquisici{\'o}n de im{\'a}genes ISAR de modelos de blancos a escala para detecci{\'o}n autom{\'a}tica as{\'i} como la obtenci{\'o}n de datos micro-Range/micro- Doppler para el an{\'a}lisis de patrones humanos han validado el funcionamiento del sistema a 100 GHz. Por otro lado, varios ejemplos de im{\'a}genes 3D obtenidas a 300 GHz han demostrado las capacidades del sistema para su uso en tareas de seguridad y detecci{\'o}n a distancia. ABSTRACT The millimeter- and submillimeter-wave bands are the regions of the spectrum between the microwaves and the infrared (IR). The millimeter-wave band covers the range of the spectrum from 30 to 300 GHz, which is usually considered as the extremely high frequency (EHF) band. The range of frequencies between 300 and 3000 GHz is known as the submillimeter-wave or terahertz (THz) band. Nevertheless, the boundaries of the THz band are not accepted by the whole research community. In fact, 100 GHz and 10 THz are often considered by some authors as the lower and upper limit of this band, respectively. Until recently, the THz band had not been exploited for practical applications, with the exception of minor uses in the fields of spectroscopy and radio astronomy. The advancements on microwave electronics and optical technology left the well-known THz gap undeveloped. However, recent research has unveiled the advantages of working at these frequencies, which has motivated the increase in research effort devoted to THz technology. Even though the range of upcoming applications is wide, the most promising ones are in the field of security and surveillance. Particularly, this Ph.D. thesis deals with the development of high resolution continuouswave linear-frequency modulated (CW-LFM) radars in the millimeter-wave band, namely, in the attenuation windows located at 100 and 300 GHz. Working at these wavelengths presents several benefits such as the ability of radiation to penetrate certain materials, visibly opaque, and the great availability of bandwidth at these frequencies, which leads to high range resolution. The selected bandwidths of 9 and 27 GHz for these systems at 100 and 300 GHz, respectively, result in cm and sub-cm range resolution. On the other hand, the intended applications are in the field of short-range imaging. In particular, the design of the 300-GHz prototype is oriented to standoff detection for security and surveillance scenarios. The non-ionizing nature of this radiation allows safety concerns to be alleviated, in clear contrast to other traditional alternatives such as X-rays systems. This thesis is focused on the design, implementation and characterization process of both systems as well as the experimental assessment of their performances. An electronic approach has been selected instead of an optical solution so as to take advantage of its high reliability, reduced volume and the availability of commercial components. Through the whole design and implementation process, several guidelines such as low cost and hardware versatility have been also kept in mind. Taking advantage of that versatility, different applications can be carried out with the same hardware concept. Both radar systems have been used in several experimental trials with satisfactory results. Despite being mere examples within the wide range of fields of application, ISAR imaging of scaled model targets for automatic target recognition and micro-Range/micro-Doppler analysis of human patterns have validated the system performance at 100 GHz. In addition, 3D imaging examples at 300 GHz demonstrate the radar system?s capabilities for standoff detection and security tasks.},
  school   = {Telecomunicacion},
  url      = {https://oa.upm.es/22770/},
}

@Article{Biase2020,
  author    = {Lazzaro di Biase and Alessandro di Santo and Maria Letizia Caminiti and Alfredo de Liso and Syed Ahmar Shah and Lorenzo Ricci and Vincenzo di Lazzaro},
  journal   = {Sensors},
  title     = {Gait Analysis in {Parkinson}'s Disease: An Overview of the Most Accurate Markers for Diagnosis and Symptoms Monitoring},
  year      = {2020},
  month     = jun,
  number    = {12},
  pages     = {3529},
  volume    = {20},
  doi       = {10.3390/s20123529},
  publisher = {{MDPI} {AG}},
}

@Article{Zanardi2021,
  author    = {Janner Zanardi, Ana Paula and Soares da Silva, Edson and Rocha Costa, Rochelle and Elren Passos-Monteiro and Oliveira dos Santos, Iván and Martins Kruel, Luiz Fernando and Leonardo Alexandre Peyr{\'{e}}-Tartaruga},
  journal   = {Scientific Reports},
  title     = {{Gait parameters of Parkinson's disease compared with healthy controls: a systematic review and meta-analysis}},
  year      = {2021},
  month     = jan,
  number    = {1},
  volume    = {11},
  doi       = {10.1038/s41598-020-80768-2},
  publisher = {Springer Science and Business Media {LLC}},
}

@Article{Delrobaei2018,
  author    = {Mehdi Delrobaei and Sara Memar and Marcus Pieterman and Tyler W. Stratton and Kenneth McIsaac and Mandar Jog},
  journal   = {Journal of the Neurological Sciences},
  title     = {{Towards remote monitoring of Parkinson's disease tremor using wearable motion capture systems}},
  year      = {2018},
  month     = jan,
  pages     = {38--45},
  volume    = {384},
  doi       = {10.1016/j.jns.2017.11.004},
  publisher = {Elsevier {BV}},
}

@Article{Perumal2016,
  author    = {Shyam V. Perumal and Ravi Sankar},
  journal   = {{ICT} Express},
  title     = {{Gait and tremor assessment for patients with Parkinson's disease using wearable sensors}},
  year      = {2016},
  month     = dec,
  number    = {4},
  pages     = {168--174},
  volume    = {2},
  doi       = {10.1016/j.icte.2016.10.005},
  publisher = {Elsevier {BV}},
}

@Article{Rosenblum2013,
  author    = {Sara Rosenblum and Margalit Samuel and Sharon Zlotnik and Ilana Erikh and Ilana Schlesinger},
  journal   = {Journal of Neurology},
  title     = {{Handwriting as an objective tool for Parkinson's disease diagnosis}},
  year      = {2013},
  month     = jun,
  number    = {9},
  pages     = {2357--2361},
  volume    = {260},
  doi       = {10.1007/s00415-013-6996-x},
  publisher = {Springer Science and Business Media {LLC}},
}

@Article{Mitsi2017,
  author    = {Georgia Mitsi and Enrique Urrea Mendoza and Benjamin D. Wissel and Elena Barbopoulou and Alok K. Dwivedi and Ioannis Tsoulos and Athanassios Stavrakoudis and Alberto J. Espay and Spyros Papapetropoulos},
  journal   = {Frontiers in Neurology},
  title     = {Biometric Digital Health Technology for Measuring Motor Function in Parkinson's Disease: Results from a Feasibility and Patient Satisfaction Study},
  year      = {2017},
  month     = jun,
  pages     = {273},
  volume    = {8},
  doi       = {10.3389/fneur.2017.00273},
  publisher = {Frontiers Media {SA}},
}

@Article{MurodelaHerran2014,
  author    = {{Muro-de-la-Herran}, {\'{A}}lvaro and Garcia-Zapirain, Begoña and Mendez-Zorrilla, Amaia},
  journal   = {Sensors},
  title     = {Gait Analysis Methods: An Overview of Wearable and Non-Wearable Systems, Highlighting Clinical Applications},
  year      = {2014},
  month     = feb,
  number    = {2},
  pages     = {3362--3394},
  volume    = {14},
  doi       = {10.3390/s140203362},
  publisher = {{MDPI} {AG}},
}

@Article{Danna2019,
  author    = {J{\'{e}}r{\'{e}}my Danna and Jean-Luc Velay and Alexandre Eusebio and Lauriane V{\'{e}}ron-Delor and Tatiana Witjas and Jean-Philippe Azulay and Serge Pinto},
  journal   = {Human Movement Science},
  title     = {Digitalized spiral drawing in {Parkinson}'s disease: A tool for evaluating beyond the written trace},
  year      = {2019},
  month     = jun,
  pages     = {80--88},
  volume    = {65},
  doi       = {10.1016/j.humov.2018.08.003},
  publisher = {Elsevier {BV}},
}

@Article{Seifert2019,
  author    = {Ann-Kathrin Seifert and Moeness G. Amin and Abdelhak M. Zoubir},
  journal   = {{IEEE} Transactions on Biomedical Engineering},
  title     = {Toward Unobtrusive In-Home Gait Analysis Based on Radar Micro-{Doppler} Signatures},
  year      = {2019},
  month     = {sep},
  number    = {9},
  pages     = {2629--2640},
  volume    = {66},
  doi       = {10.1109/tbme.2019.2893528},
  publisher = {Institute of Electrical and Electronics Engineers ({IEEE})},
}

@InProceedings{AlSarawi2017,
  author    = {Shadi Al-Sarawi and Mohammed Anbar and Kamal Alieyan and Mahmood Alzubaidi},
  booktitle = {2017 8th International Conference on Information Technology ({ICIT})},
  title     = {Internet of Things ({IoT}) communication protocols: Review},
  year      = {2017},
  month     = {may},
  publisher = {{IEEE}},
  doi       = {10.1109/icitech.2017.8079928},
}

@Article{Benini2001,
  author    = {L. Benini and G. De Micheli and E. Macii},
  journal   = {{IEEE} Circuits and Systems Magazine},
  title     = {Designing low-power circuits: practical recipes},
  year      = {2001},
  number    = {1},
  pages     = {6--25},
  volume    = {1},
  doi       = {10.1109/7384.928306},
  publisher = {Institute of Electrical and Electronics Engineers ({IEEE})},
}

@Manual{STMicroelectronics2022a,
  title  = {{Multiprotocol wireless 32-bit MCU Arm®-based Cortex®-M4 with FPU, Bluetooth® Low Energy or 802.15.4 radio solution}},
  author = {{ST Microelectronics}},
  month  = mar,
  note   = {Rev. 6},
  year   = {2022},
  number = {Reference Manual RM0473},
}

@TechReport{IEC2015,
  author  = {{ISO 60063:2015}},
  title   = {{Preferred number series for resistors and capacitors}},
  year    = {2015},
  address = {Geneva, CH},
  month   = mar,
  type    = {Standard},
  key     = {ISO 60063:2015},
  school  = {International Organization for Standardization},
  volume  = {2015},
}

@Comment{jabref-meta: databaseType:bibtex;}
